<collection xmlns="http://www.loc.gov/MARC21/slim">
<record>
  <leader>01346nam0a22002411i 450 </leader>
  <controlfield tag="001">IT\ICCU\CNCE\072068</controlfield>
  <controlfield tag="005">20130123000000.0</controlfield>
  <datafield tag="012" ind1=" " ind2=" ">
    <subfield code="a">lael tao, aeui meti (C) 1584 (R)</subfield>
    <subfield code="2">fei</subfield>
  </datafield>
  <datafield tag="100" ind1=" " ind2=" ">
    <subfield code="a">20071123d1584        0itac0103    ba</subfield>
  </datafield>
  <datafield tag="101" ind1=" " ind2=" ">
    <subfield code="a">ITA</subfield>
  </datafield>
  <datafield tag="102" ind1=" " ind2=" ">
    <subfield code="a">IT</subfield>
  </datafield>
  <datafield tag="200" ind1="1" ind2=" ">
    <subfield code="a">Indulgenze, doni, et gratie spirituali, concesse dalla santit ̉di n.s. papa Gregorio XIII alla venerabile Compagnia del santissimo sangue di N.S. agregata all&apos;Archiconfraternita del Confalone di Roma, et novamente eretta nella Chiesa de Canonici regolari di S. Maria del Vado di Ferrara</subfield>
  </datafield>
  <datafield tag="210" ind1=" " ind2=" ">
    <subfield code="a">In Ferrara</subfield>
    <subfield code="c">appresso Giulio Cesare Cagnacini et fratelli</subfield>
    <subfield code="d">1584</subfield>
  </datafield>
  <datafield tag="215" ind1=" " ind2=" ">
    <subfield code="a">\34! c.</subfield>
    <subfield code="d">12ʻ</subfield>
  </datafield>
  <datafield tag="620" ind1=" " ind2=" ">
    <subfield code="a">IT</subfield>
    <subfield code="d">Ferrara</subfield>
  </datafield>
  <datafield tag="710" ind1="0" ind2="2">
    <subfield code="a">Confraternita del Preziosissimo Sangue in S. Maria in Vado</subfield>
    <subfield code="c"> &lt;Ferrara&gt;</subfield>
    <subfield code="3">26351</subfield>
  </datafield>
  <datafield tag="712" ind1="0" ind2="2">
    <subfield code="a">Arciconfraternita del Gonfalone</subfield>
    <subfield code="c"> &lt;Roma&gt;</subfield>
    <subfield code="3">3900</subfield>
  </datafield>
  <datafield tag="712" ind1="0" ind2="0">
    <subfield code="a">Cagnacini, Giulio Cesare &amp; fratelli</subfield>
    <subfield code="3">IT\ICCU\CNCT\001275</subfield>
    <subfield code="4">650</subfield>
  </datafield>
  <datafield tag="791" ind1="0" ind2="2">
    <subfield code="a">Compagnia del SS. Sangue di N.S.</subfield>
    <subfield code="c"> &lt;Ferrara&gt;</subfield>
    <subfield code="3">26352</subfield>
    <subfield code="z">Confraternita del Preziosissimo Sangue in S. Maria in Vado &lt;Ferrara&gt;</subfield>
  </datafield>
  <datafield tag="791" ind1="0" ind2="2">
    <subfield code="a">Archiconfraternitas Gonfalonis de Vrbe</subfield>
    <subfield code="3">3901</subfield>
    <subfield code="z">Arciconfraternita del Gonfalone &lt;Roma&gt;</subfield>
  </datafield>
  <datafield tag="791" ind1="0" ind2="2">
    <subfield code="a">Compagnia del Gonfalone</subfield>
    <subfield code="c"> &lt;Roma&gt;</subfield>
    <subfield code="3">8349</subfield>
    <subfield code="z">Arciconfraternita del Gonfalone &lt;Roma&gt;</subfield>
  </datafield>
  <datafield tag="801" ind1=" " ind2="3">
    <subfield code="a">IT</subfield>
    <subfield code="b">ICCU</subfield>
    <subfield code="c">20201115</subfield>
  </datafield>
  <datafield tag="899" ind1=" " ind2=" ">
    <subfield code="a">Biblioteca comunale Ariostea. Ferrara</subfield>
    <subfield code="1">FE0017</subfield>
    <subfield code="2">UFE AR</subfield>
  </datafield>
</record>
</collection>
